<record><leader>00000cas a22000007a 4500</leader><controlfield tag="001">10886733</controlfield><controlfield tag="008">840626d18251829nhuwr ne      0    0eng d</controlfield><controlfield tag="009">330</controlfield><datafield ind1=" " ind2=" " tag="010"><subfield code="a">sn 84023443 </subfield></datafield><datafield ind1=" " ind2=" " tag="040"><subfield code="a">AQM</subfield><subfield code="b">eng</subfield><subfield code="c">AQM</subfield><subfield code="d">DLC</subfield><subfield code="d">OCLCF</subfield></datafield><datafield ind1="1" ind2=" " tag="029"><subfield code="a">AU@</subfield><subfield code="b">000025824016</subfield></datafield><datafield ind1=" " ind2=" " tag="042"><subfield code="a">msc</subfield></datafield><datafield ind1=" " ind2=" " tag="043"><subfield code="a">n-us-nh</subfield></datafield><datafield ind1="0" ind2="0" tag="050"><subfield code="a">Newspaper</subfield></datafield><datafield ind1="0" ind2=" " tag="130"><subfield code="a">Commercial advertiser (Portsmouth, N.H.)</subfield></datafield><datafield ind1="1" ind2="0" tag="245"><subfield code="a">Commercial advertiser.</subfield></datafield><datafield ind1="1" ind2="3" tag="246"><subfield code="a">Portsmouth commercial advertiser</subfield></datafield><datafield ind1=" " ind2=" " tag="260"><subfield code="a">Portsmouth, N.H. :</subfield><subfield code="b">Charles Turell,</subfield><subfield code="c">1825-1829.</subfield></datafield><datafield ind1=" " ind2=" " tag="300"><subfield code="a">5 v. ;</subfield><subfield code="c">51 cm.</subfield></datafield><datafield ind1=" " ind2=" " tag="310"><subfield code="a">Weekly</subfield></datafield><datafield ind1="0" ind2=" " tag="362"><subfield code="a">Vol. 1, no. 1 (July 8, 1825)-v. 5, no. 12 (Sept. 24, 1829).</subfield></datafield><datafield ind1=" " ind2=" " tag="500"><subfield code="a">"Federal." Cf. Moore, J.W. Hist., biog., and misc. gatherings, 1886.</subfield></datafield><datafield ind1=" " ind2=" " tag="500"><subfield code="a">Published as: Portsmouth commercial advertiser, Dec. 1-&lt;8&gt; 1825.</subfield></datafield><datafield ind1=" " ind2="0" tag="651"><subfield code="a">Portsmouth (N.H.)</subfield><subfield code="v">Newspapers.</subfield></datafield><datafield ind1=" " ind2="7" tag="655"><subfield code="a">Newspapers.</subfield><subfield code="2">rbgenr</subfield></datafield><datafield ind1=" " ind2="7" tag="655"><subfield code="a">Newspapers.</subfield><subfield code="2">fast</subfield><subfield code="0">(OCoLC)fst01423814</subfield></datafield><datafield ind1=" " ind2="7" tag="651"><subfield code="a">New Hampshire</subfield><subfield code="z">Portsmouth.</subfield><subfield code="2">fast</subfield><subfield code="0">(OCoLC)fst01207640</subfield></datafield><datafield ind1=" " ind2=" " tag="752"><subfield code="a">United States</subfield><subfield code="b">New Hampshire</subfield><subfield code="c">Rockingham</subfield><subfield code="d">Portsmouth.</subfield></datafield></record>